<record><leader>00000cas a2200000 a 4500</leader><controlfield tag="001">32813047</controlfield><controlfield tag="008">950713d19761985azudr ne      0    0eng d</controlfield><datafield ind1=" " ind2=" " tag="010"><subfield code="a">sn 95060788 </subfield></datafield><datafield ind1=" " ind2=" " tag="040"><subfield code="a">ANN</subfield><subfield code="b">eng</subfield><subfield code="c">ANN</subfield><subfield code="d">OCLCQ</subfield><subfield code="d">OCLCF</subfield><subfield code="d">OCLCO</subfield></datafield><datafield ind1="1" ind2=" " tag="029"><subfield code="a">AU@</subfield><subfield code="b">000011868812</subfield></datafield><datafield ind1=" " ind2=" " tag="042"><subfield code="a">msc</subfield></datafield><datafield ind1=" " ind2=" " tag="043"><subfield code="a">n-us-az</subfield></datafield><datafield ind1="0" ind2=" " tag="130"><subfield code="a">Bisbee daily review (Bisbee, Ariz. : 1976)</subfield></datafield><datafield ind1="1" ind2="0" tag="245"><subfield code="a">Bisbee daily review.</subfield></datafield><datafield ind1="1" ind2="7" tag="246"><subfield code="a">Herald-dispatch and daily review</subfield></datafield><datafield ind1="1" ind2="7" tag="246"><subfield code="a">Sierra Vista herald and Bisbee review</subfield></datafield><datafield ind1=" " ind2=" " tag="260"><subfield code="a">Bisbee, Ariz. :</subfield><subfield code="b">W.M. Wick and M.I. Wick,</subfield><subfield code="c">1976-1985.</subfield></datafield><datafield ind1=" " ind2=" " tag="300"><subfield code="a">v. :</subfield><subfield code="b">ill.</subfield></datafield><datafield ind1=" " ind2=" " tag="310"><subfield code="a">Daily (except Sat.)</subfield></datafield><datafield ind1="0" ind2=" " tag="362"><subfield code="a">Vol. 80, no. 41 (Oct. 4, 1976)-v. 87, no. 183 (Jan. 11, 1985).</subfield></datafield><datafield ind1=" " ind2="0" tag="651"><subfield code="a">Bisbee (Ariz.)</subfield><subfield code="v">Newspapers.</subfield></datafield><datafield ind1=" " ind2="0" tag="651"><subfield code="a">Cochise County (Ariz.)</subfield><subfield code="v">Newspapers.</subfield></datafield><datafield ind1=" " ind2="7" tag="655"><subfield code="a">Newspapers.</subfield><subfield code="2">fast</subfield><subfield code="0">(OCoLC)fst01423814</subfield></datafield><datafield ind1=" " ind2="7" tag="651"><subfield code="a">Arizona</subfield><subfield code="z">Bisbee.</subfield><subfield code="2">fast</subfield><subfield code="0">(OCoLC)fst01210919</subfield></datafield><datafield ind1=" " ind2="7" tag="651"><subfield code="a">Arizona</subfield><subfield code="z">Cochise County.</subfield><subfield code="2">fast</subfield><subfield code="0">(OCoLC)fst01207405</subfield></datafield><datafield ind1=" " ind2=" " tag="752"><subfield code="a">United States</subfield><subfield code="b">Arizona</subfield><subfield code="c">Cochise</subfield><subfield code="d">Bisbee.</subfield></datafield><datafield ind1="0" ind2=" " tag="775"><subfield code="t">Daily herald dispatch</subfield><subfield code="w">(DLC)sn 95060559</subfield></datafield><datafield ind1="0" ind2=" " tag="775"><subfield code="t">Sierra Vista herald-dispatch (Sierra Vista, Ariz. : 1983)</subfield><subfield code="w">(DLC)sn 83008143</subfield></datafield><datafield ind1="0" ind2=" " tag="775"><subfield code="t">Sierra Vista herald (Sierra Vista, Ariz. : 1984)</subfield><subfield code="w">(DLC)sn 84001915</subfield></datafield><datafield ind1="0" ind2="0" tag="780"><subfield code="t">Bisbee review</subfield><subfield code="w">(DLC)sn 95060787</subfield></datafield><datafield ind1="0" ind2="0" tag="785"><subfield code="t">Bisbee daily review [and] Sierra Vista herald</subfield><subfield code="w">(DLC)sn 95060790</subfield></datafield></record>